@misc{alpha-beta-crown-git,
    author = {Huan Zhang, Kaidi Xu, Zhouxing Shi, Shiqi Wang, Linyi Li, Jinqi Chen, Zhuolin Yang, Yihan Wang},
    year = {2021},
    note = {Last accessed 25 January 2024},
    howpublished = {\url{https://github.com/Verified-Intelligence/alpha-beta-CROWN}}
}

@misc{alpha-beta-instructions,
    note = {Last accessed 25 January 2024},
    howpublished = {\url{https://github.com/Verified-Intelligence/alpha-beta-CROWN/blob/main/complete verifier/docs/vnn comp.md}},
    author = {Huan Zhang, Kaidi Xu, Zhouxing Shi, Shiqi Wang, Linyi Li, Jinqi Chen, Zhuolin Yang, Yihan Wang},
    year = {2021},
}

@misc{auto_lirpa_repo,
    note = {Last accessed 25 January 2024},
    howpublished = {\url{https://github.com/Verified-Intelligence/auto_LiRPA}},
    year = {2021},
    author = {Kaidi Xu, Zhouxing Shi, Huan Zhang, Yihan Wang, Shiqi Wang}
}

@misc{miniconda,
    note = {Last accessed 25 January 2024},
    howpublished = {\url{https://docs.conda.io/projects/miniconda/en/latest/}},
    year = {2017},
    author = { Anaconda, Inc.}
}

@misc{tll_verify_bench,
    note = {Last accessed 25 January 2024},
    howpublished = {\url{https://github.com/jferlez/TLLVerifyBench}},
    year = {2022},
    author = {James Ferlez}
}

@misc{traffic_signs_recognition,
    note = {Last accessed 25 January 2024},
    howpublished = {\url{https://github.com/ChristopherBrix/vnncomp2023}},
    year = {2023},
    author = {Andreea Postovan, Mădălina Eraşcu}
}

@misc{traffic_signs_recognition_first_solution,
    note = {Last accessed 25 January 2024},
    howpublished = {\url{https://github.com/RafaelBan/VFProject/blob/main/results_traffic_signs_recognition_default_time.csv}},
    year = {2024},
    author = {Rafael Ban}
}

@misc{traffic_signs_recognition_second_solution,
    note = {Last accessed 25 January 2024},
    howpublished = {\url{https://github.com/RafaelBan/VFProject/blob/main/results_traffic_signs_recognition_increased_time_to_1000.csv}},
    year = {2024},
    author = {Rafael Ban}
}

@article{traffic_signs_paper,
    author = {Andreea Postovan, Mădălina Eraşcu},
    title = {Architecturing Binarized Neural Networks for Traffic Sign Recognition},
    journal = {Computer Vision and Pattern Recognition},
    year = {2023},
    howpublished = {\url{https://arxiv.org/abs/2303.15005}}
}

@misc{marabou-repository,
    note = {Last accessed 25 January 2024},
    howpublished = {\url{https://github.com/NeuralNetworkVerification/Marabou}},
    year = {2017},
    author = {Marabou Team}
}

@misc{marabou-guide,
    note = {Last accessed 25 January 2024},
    howpublished = {\url{https://neuralnetworkverification.github.io/Marabou/}},
    year = {2020},
    author = {Marabou Team}
}

@misc{nnenum-repository,
    note = {Last accessed 25 January 2024},
    howpublished = {\url{https://github.com/stanleybak/nnenum}},
    year = {2020},
    author = {Nnenum Team}
}